
@book{tang2012,
  author={{唐涛}},
  title={列车运行控制系统},
  address={北京},
  publisher={中国铁道出版社},
  year={2012}
}

@article{ye2015stability,
  title={Stability Analysis of Train Movement with Uncertain Factors},
  author={Ye, JingJing and Li, KePing and Jiang, XueDong},
  journal={Mathematical Problems in Engineering},
  volume={501},
  pages={230616},
  year={2015},
  publisher={Hindawi Publishing Corporation}
}
